@incollection{agrawal_bayesianoptimization_2021,
  title = {Bayesian {{Optimization}}},
  booktitle = {Hyperparameter {{Optimization}} in {{Machine Learning}}},
  author = {Agrawal, Tanay},
  year = {2021},
  pages = {81--108},
  publisher = {Apress, Berkeley, CA},
  doi = {10.1007/978-1-4842-6579-6_4},
  urldate = {2024-09-11},
  isbn = {978-1-4842-6579-6},
  langid = {english}
}

@misc{analogdevices_adxl362_2024,
  title = {{{ADXL362 Datasheet}} and {{Product Info}} {\textbar} {{Analog Devices}}},
  author = {AnalogDevices},
  year = {2024},
  month = dec,
  urldate = {2024-12-25},
  howpublished = {https://www.analog.com/en/products/adxl362.html}
}

@book{bishop_deep_2024,
  title = {Deep {{Learning}}: {{Foundations}} and {{Concepts}}},
  shorttitle = {Deep {{Learning}}},
  author = {Bishop, Christopher M. and Bishop, Hugh},
  year = {2024},
  publisher = {Springer International Publishing},
  address = {Cham},
  doi = {10.1007/978-3-031-45468-4},
  urldate = {2024-12-25},
  copyright = {https://www.springernature.com/gp/researchers/text-and-data-mining},
  isbn = {978-3-031-45467-7 978-3-031-45468-4},
  langid = {english}
}

@article{cui_adaptiveedgeintelligence_2025,
  title = {Adaptive Edge Intelligence for Rapid Structural Condition Assessment Using a Wireless Smart Sensor Network},
  author = {Cui, Shuaiwen and Hoang, Tu and Mechitov, Kirill and Fu, Yuguang and Spencer, Billie F.},
  year = {2025},
  month = mar,
  journal = {Engineering Structures},
  volume = {326},
  pages = {119520},
  issn = {0141-0296},
  doi = {10.1016/j.engstruct.2024.119520},
  urldate = {2024-12-18}
}

@misc{espressif_espdl_2025,
  title = {{{ESP-DL}}},
  author = {Espressif},
  year = {2025},
  month = feb,
  urldate = {2025-02-25}
}

@misc{espressif_espdsp_2025,
  title = {{{ESP-DSP}}},
  author = {Espressif},
  year = {2025},
  month = feb,
  urldate = {2025-02-25}
}

@article{fanariotis_reducingpowerconsumption_2024,
  title = {Reducing the {{Power Consumption}} of {{Edge Devices Supporting Ambient Intelligence Applications}}},
  author = {Fanariotis, Anastasios and Orphanoudakis, Theofanis and Fotopoulos, Vassilis},
  year = {2024},
  month = mar,
  journal = {Information},
  volume = {15},
  number = {3},
  pages = {161},
  publisher = {Multidisciplinary Digital Publishing Institute},
  issn = {2078-2489},
  doi = {10.3390/info15030161},
  urldate = {2025-02-11},
  copyright = {http://creativecommons.org/licenses/by/3.0/},
  langid = {english}
}

@misc{frazier_tutorialbayesianoptimization_2018,
  title = {A {{Tutorial}} on {{Bayesian Optimization}}},
  author = {Frazier, Peter I.},
  year = {2018},
  month = jul,
  number = {arXiv:1807.02811},
  eprint = {1807.02811},
  primaryclass = {stat},
  publisher = {arXiv},
  doi = {10.48550/arXiv.1807.02811},
  urldate = {2025-01-16},
  archiveprefix = {arXiv}
}

@article{fu_distributed_2024,
  title = {Distributed Energy-Efficient Wireless Sensing and Information Fusion via Event-Driven and State-Rank Activation},
  author = {Fu, Juteng and Ma, Xiang and Yu, Hang and Dai, Keren},
  year = {2024},
  month = may,
  journal = {Wireless Networks},
  volume = {30},
  number = {4},
  pages = {2697--2711},
  issn = {1572-8196},
  doi = {10.1007/s11276-024-03691-8},
  urldate = {2024-12-19},
  langid = {english}
}

@article{fu_effectivestructuralimpact_2025,
  title = {Effective Structural Impact Detection and Localization Using Convolutional Neural Network and {{Bayesian}} Information Fusion with Limited Sensors},
  author = {Fu, Yuguang and Wang, Zixin and Maghareh, Amin and Dyke, Shirley and Jahanshahi, Mohammad and Shahriar, Adnan and Zhang, Fan},
  year = {2025},
  month = feb,
  journal = {Mechanical Systems and Signal Processing},
  volume = {224},
  pages = {112074},
  issn = {0888-3270},
  doi = {10.1016/j.ymssp.2024.112074},
  urldate = {2025-02-27}
}

@article{fu_sudden_2018,
  title = {Sudden {{Event Monitoring}} of {{Civil Infrastructure Using Demand-Based Wireless Smart Sensors}}},
  author = {Fu, Yuguang and Hoang, Tu and Mechitov, Kirill and Kim, Jong R. and Zhang, Dichuan and Spencer, Billie F.},
  year = {2018},
  month = dec,
  journal = {Sensors},
  volume = {18},
  number = {12},
  pages = {4480},
  publisher = {Multidisciplinary Digital Publishing Institute},
  issn = {1424-8220},
  doi = {10.3390/s18124480},
  urldate = {2024-11-11},
  copyright = {http://creativecommons.org/licenses/by/3.0/},
  langid = {english}
}

@phdthesis{fu_suddenevent_2019,
  type = {Thesis},
  title = {Sudden-Event Monitoring of Civil Infrastructure Using Wireless Smart Sensors},
  author = {Fu, Yuguang},
  year = {2019},
  month = oct,
  urldate = {2024-08-03},
  copyright = {Copyright 2019 Yuguang Fu},
  school = {University of Illinois at Urbana-Champaign}
}

@article{fu_ximpact_2022,
  title = {{{xImpact}}: {{Intelligent Wireless System}} for {{Cost-Effective Rapid Condition Assessment}} of {{Bridges}} under {{Impacts}}},
  shorttitle = {{{xImpact}}},
  author = {Fu, Yuguang and Zhu, Yaoyu and Hoang, Tu and Mechitov, Kirill and Spencer, Billie F.},
  year = {2022},
  month = jan,
  journal = {Sensors},
  volume = {22},
  number = {15},
  pages = {5701},
  publisher = {Multidisciplinary Digital Publishing Institute},
  issn = {1424-8220},
  doi = {10.3390/s22155701},
  urldate = {2024-10-28},
  copyright = {http://creativecommons.org/licenses/by/3.0/},
  langid = {english}
}

@book{ganguli_digitaltwindynamic_2023,
  title = {Digital {{Twin}}: {{A Dynamic System}} and {{Computing Perspective}}},
  author = {Ganguli, R. and Adhikari, S. and Chakraborty, S. and Ganguli, M.},
  year = {2023},
  publisher = {Taylor \& Francis Group},
  isbn = {978-1-032-21362-0}
}

@article{ge_dynamic_2020,
  title = {Dynamic {{Event-Triggered Distributed Coordination Control}} and Its {{Applications}}: {{A Survey}} of {{Trends}} and {{Techniques}}},
  shorttitle = {Dynamic {{Event-Triggered Distributed Coordination Control}} and Its {{Applications}}},
  author = {Ge, Xiaohua and Han, Qing-Long and Ding, Lei and Wang, Yu-Long and Zhang, Xian-Ming},
  year = {2020},
  month = sep,
  journal = {IEEE Transactions on Systems, Man, and Cybernetics: Systems},
  volume = {50},
  number = {9},
  pages = {3112--3125},
  issn = {2168-2232},
  doi = {10.1109/TSMC.2020.3010825},
  urldate = {2024-12-19}
}

@article{han_electrocardiogramsignaldenoising_2017,
  title = {Electrocardiogram Signal Denoising Based on Empirical Mode Decomposition Technique: An Overview},
  shorttitle = {Electrocardiogram Signal Denoising Based on Empirical Mode Decomposition Technique},
  author = {Han, G. and Lin, B. and Xu, Z.},
  year = {2017},
  month = mar,
  journal = {Journal of Instrumentation},
  volume = {12},
  number = {03},
  pages = {P03010},
  issn = {1748-0221},
  doi = {10.1088/1748-0221/12/03/P03010},
  urldate = {2023-12-29},
  langid = {english}
}

@article{laflamme_roadmap_2023,
  title = {Roadmap on Measurement Technologies for next Generation Structural Health Monitoring Systems},
  author = {Laflamme, Simon and Ubertini, Filippo and Matteo, Alberto Di and Pirrotta, Antonina and Perry, Marcus and Fu, Yuguang and Li, Jian and Wang, Hao and Hoang, Tu and Glisic, Branko and Bond, Leonard J. and Pereira, Mauricio and Shu, Yening and Loh, Kenneth J. and Wang, Yang and Ding, Siqi and Wang, Xinyue and Yu, Xun and Han, Baoguo and Goldfeld, Yiska and Ryu, Donghyeon and Napolitano, Rebecca and Moreu, Fernando and Giardina, Giorgia and Milillo, Pietro},
  year = {2023},
  month = jun,
  journal = {Measurement Science and Technology},
  volume = {34},
  number = {9},
  pages = {093001},
  publisher = {IOP Publishing},
  issn = {0957-0233},
  doi = {10.1088/1361-6501/acd135},
  urldate = {2024-03-13},
  langid = {english}
}

@book{lea_iot_2020,
  title = {{{IoT}} and {{Edge Computing}} for {{Architects}}},
  author = {Lea, P.},
  year = {2020},
  series = {Expert Insight},
  publisher = {Packt Publishing, Limited},
  isbn = {978-1-83921-480-6}
}

@article{lee_dualcorebased_2024,
  title = {Dual {{Core Based Microcontrollers Inference Design}} and {{Performance Analysis}}},
  author = {Lee, Dongchan and Kim, Jeong-Si and Hong, Seungtae},
  year = {2024},
  journal = {IEEE Access},
  volume = {12},
  pages = {120326--120336},
  issn = {2169-3536},
  doi = {10.1109/ACCESS.2024.3443406},
  urldate = {2025-02-11}
}

@misc{lin_mcunettinydeep_2020,
  title = {{{MCUNet}}: {{Tiny Deep Learning}} on {{IoT Devices}}},
  shorttitle = {{{MCUNet}}},
  author = {Lin, Ji and Chen, Wei-Ming and Lin, Yujun and Cohn, John and Gan, Chuang and Han, Song},
  year = {2020},
  month = nov,
  number = {arXiv:2007.10319},
  eprint = {2007.10319},
  primaryclass = {cs},
  publisher = {arXiv},
  doi = {10.48550/arXiv.2007.10319},
  urldate = {2025-01-20},
  archiveprefix = {arXiv}
}

@article{newmark_methodcomputationstructural_1959,
  title = {A {{Method}} of {{Computation}} for {{Structural Dynamics}}},
  author = {Newmark, Nathan M.},
  year = {1959},
  month = jul,
  journal = {Journal of the Engineering Mechanics Division},
  volume = {85},
  number = {3},
  pages = {67--94},
  publisher = {American Society of Civil Engineers},
  doi = {10.1061/JMCEA3.0000098},
  urldate = {2024-09-09},
  copyright = {{\copyright} 1959 American Society of Civil Engineers},
  langid = {english}
}

@article{ni_sensor_2023,
  title = {Sensor {{Scheduling}} for {{Remote State Estimation}} with {{Limited Communication Resources}}: {{A Time-}} and {{Event-Triggered Hybrid Approach}}},
  shorttitle = {Sensor {{Scheduling}} for {{Remote State Estimation}} with {{Limited Communication Resources}}},
  author = {Ni, Yuqing and Liu, Xiaochen and Yang, Chao},
  year = {2023},
  month = jan,
  journal = {Sensors},
  volume = {23},
  number = {21},
  pages = {8667},
  publisher = {Multidisciplinary Digital Publishing Institute},
  issn = {1424-8220},
  doi = {10.3390/s23218667},
  urldate = {2024-12-19},
  copyright = {http://creativecommons.org/licenses/by/3.0/},
  langid = {english}
}

@book{ogata_modern_2010,
  title = {Modern {{Control Engineering}}},
  author = {Ogata, Katsuhiko},
  year = {2010},
  publisher = {Prentice Hall},
  googlebooks = {Wu5GpNAelzkC},
  isbn = {978-0-13-615673-4},
  langid = {english}
}

@article{sarwar_multimetric_2020,
  title = {Multimetric {{Event-Driven System}} for {{Long-Term Wireless Sensor Operation}} for {{SHM Applications}}},
  author = {Sarwar, Muhammad Zohaib and Saleem, Muhammad Rakeh and Park, Jong-Woong and Moon, Do-Soo and Kim, Dong Joo},
  year = {2020},
  month = may,
  journal = {IEEE Sensors Journal},
  volume = {20},
  number = {10},
  pages = {5350--5359},
  issn = {1558-1748},
  doi = {10.1109/JSEN.2020.2970710},
  urldate = {2024-12-19}
}

@article{tu_distributed_2024,
  title = {Distributed {{Machine Learning}} in {{Edge Computing}}: {{Challenges}}, {{Solutions}} and {{Future Directions}}},
  shorttitle = {Distributed {{Machine Learning}} in {{Edge Computing}}},
  author = {Tu, Jingke and Yang, Lei and Cao, Jiannong},
  year = {2024},
  month = dec,
  journal = {ACM Comput. Surv.},
  issn = {0360-0300},
  doi = {10.1145/3708495},
  urldate = {2024-12-18},
  annotation = {Just Accepted}
}

@article{wang_wireless_2024a,
  title = {Wireless {{IoT Monitoring System}} in {{Hong Kong}}--{{Zhuhai}}--{{Macao Bridge}} and {{Edge Computing}} for {{Anomaly Detection}}},
  author = {Wang, Xiaoyou and Wu, Wanglin and Du, Yao and Cao, Jiannong and Chen, Qianyi and Xia, Yong},
  year = {2024},
  month = feb,
  journal = {IEEE Internet of Things Journal},
  volume = {11},
  number = {3},
  pages = {4763--4774},
  issn = {2327-4662, 2372-2541},
  doi = {10.1109/JIOT.2023.3300073},
  urldate = {2024-01-30},
  langid = {english}
}

@article{yu_recent_2023,
  title = {Recent Advances in Wireless Sensor Networks for Structural Health Monitoring of Civil Infrastructure},
  author = {Yu, Xiao and Fu, Yuguang and Li, Jian and Mao, Jianxiao and Hoang, Tu and Wang, Hao},
  year = {2023},
  month = nov,
  journal = {Journal of Infrastructure Intelligence and Resilience},
  pages = {100066},
  issn = {2772-9915},
  doi = {10.1016/j.iintel.2023.100066},
  urldate = {2023-11-23}
}

@article{zhu_eventtriggered_2022,
  title = {Event-{{Triggered Sensor Fault Estimation}} of {{Unreliable Networked Unmanned Surface Vehicle System With Correlated Noises}}},
  author = {Zhu, Kejia and Wang, Youqing},
  year = {2022},
  month = mar,
  journal = {IEEE Transactions on Vehicular Technology},
  volume = {71},
  number = {3},
  pages = {2527--2537},
  issn = {1939-9359},
  doi = {10.1109/TVT.2022.3142147},
  urldate = {2024-12-19}
}
